@book{circuit_book,
  title = {电路与电子线路基础. 电路部分},
  author = {王志功 and 沈永朝 and 赵鑫泰},
  publisher = {高等教育出版社},
  edition = {2},
  address = {北京},
  year = {2015},
  month = {7}
}

@manual{guide,
  title = {《数字逻辑与计算机体系结构》实验指导书},
  author = {计算机硬件实验室},
  organization = {东南大学},
  address = {南京},
  year = {2021}
}

@misc{github:fpga-verilog,
  author = {{yasho2249}},
  title = {fpga-verilog --- GitHub},
  year = {2020},
  url = {https://github.com/yasho2249/fpga-verilog},
  note = "[Online; accessed 07-November-2021]"
}

@misc{multisim_help,
  title = {Multisim Help Documents},
  organization = {National Instruments},
  year = {2014}
}

@manual{diode_data_book,
  title = {Diode Data Book},
  organization = {Fairchild},
  year = {1978},
  url = {http://bitsavers.trailing-edge.com/components/fairchild/_dataBooks/1978_Fairchild_Diode_Data_Book.pdf}
}

@misc{wiki:breadboard,
  author = {{Wikipedia contributors}},
  title = {Breadboard --- {W}ikipedia{,} The Free Encyclopedia},
  year = {2021},
  url = {https://en.wikipedia.org/wiki/Breadboard},
  note = "[Online; accessed 01-November-2004]"
}
