@book{book,
  title = {新编16/32位微型计算机原理及应用（第五版）},
  author = {李继灿},
  publisher = {清华大学出版社},
  edition = {5},
  address = {北京},
  year = {2013},
  month = {8}
}

@manual{guide,
  title = {《微计算机实验讲义》},
  author = {微机教学组},
  organization = {东南大学},
  address = {南京},
  year = {2015}
}

@misc{mygit,
  howpublished = {\url{https://github.com/xyfool-66/SEU-Microcomputer-Experiments/tree/master}},
}
